,2011-03-31,2011-06-30,2011-09-30,2011-12-31,2012-03-31,2012-06-30,2012-09-30,2012-12-31,2013-03-31,2013-06-30,2013-09-30,2013-12-31,2014-03-31,2014-06-30,2014-09-30,2014-12-31,2015-03-31,2015-06-30,2015-09-30,2015-12-31,2016-03-31,2016-06-30,2016-09-30,2016-12-31,2017-03-31
AdjustmentsNoncashItemsToReconcileNetIncomeLossToCashProvidedByUsedInOperatingActivitiesOther,-100000.000,,,,,,,,,,,,,,,,,,,,,,,,
AdjustmentsToAdditionalPaidInCapitalTaxEffectFromShareBasedCompensation,,,,,2800000.000,,,,300000.000,,,,900000.000,,,,,,,,,,,,
AllocatedShareBasedCompensationExpense,12900000.000,,,,,,,,,,,,,,,,,,,,,,,,
AmortizationOfFinancingCostsAndDiscounts,1900000.000,,,,0.000,,,,,,,,,,,,,,,,,,,,
AmortizationOfIntangibleAssets,33200000.000,33000000.000,33000000.000,32800000.000,32800000.000,31300000.000,26200000.000,25900000.000,25900000.000,25900000.000,25600000.000,25600000.000,25200000.000,25200000.000,25300000.000,24900000.000,24900000.000,25000000.000,24900000.000,24600000.000,24000000.000,24000000.000,24000000.000,24100000.000,24000000.000
AmountOfDilutiveSecuritiesStockOptionsAndRestrictiveStockUnits,,,0.000,,,,,,,,,,,,,,,,,,,,,,
AntidilutiveSecuritiesExcludedFromComputationOfEarningsPerShareAmount,,687000.000,1084000.000,,,,,,1775000.000,1627000.000,1540000.000,-3311000.000,1502000.000,1480000.000,2161000.000,-3689000.000,538000.000,464000.000,432000.000,-899000.000,343000.000,320000.000,841000.000,-1195000.000,80000.000
AssetImpairmentCharges,,,,,,,,,,,,,,,,,,,,,27100000.000,,,,0.000
BusinessCombinationContingentConsiderationArrangementsChangeInAmountOfContingentConsiderationLiability1,,,,,,,,,,,,,,,,,,,,,,,,,-11600000.000
CashAndCashEquivalentsPeriodIncreaseDecrease,-190500000.000,,,,19400000.000,,,,238700000.000,,,,-1416000000.000,,,,328700000.000,,,,-546600000.000,,,,-580800000.000
ClearingFeesRevenue,691300000.000,687800000.000,732700000.000,,621100000.000,643600000.000,562200000.000,,593200000.000,692500000.000,597900000.000,,652200000.000,609300000.000,641800000.000,713000000.000,708200000.000,681800000.000,715000000.000,678900000.000,796100000.000,767600000.000,704200000.000,768500000.000,792000000.000
CommonStockDividendsPerShareCashPaid,1.400,,,,5.200,,,,0.450,,,,0.470,,,,0.500,,,,0.600,,,,0.660
Communication,9900000.000,10800000.000,11000000.000,10600000.000,10300000.000,10700000.000,9800000.000,9300000.000,8900000.000,8600000.000,9200000.000,8600000.000,8200000.000,8300000.000,7800000.000,7700000.000,7600000.000,6600000.000,7100000.000,6500000.000,6700000.000,6300000.000,6900000.000,6900000.000,6300000.000
ComprehensiveIncomeNetOfTax,805600000.000,,,,319800000.000,194400000.000,223400000.000,256400000.000,256500000.000,234400000.000,260700000.000,167900000.000,291100000.000,294200000.000,213800000.000,182200000.000,298400000.000,295900000.000,260200000.000,305500000.000,,,,,
ComprehensiveIncomeNetOfTaxAttributableToNoncontrollingInterest,,,,,-300000.000,8500000.000,900000.000,1400000.000,,100000.000,-400000.000,,-200000.000,0.000,0.000,0.000,0.000,0.000,0.000,0.000,,,,,
ComprehensiveIncomeNetOfTaxIncludingPortionAttributableToNoncontrollingInterest,,,,,319500000.000,202900000.000,224300000.000,257800000.000,258100000.000,234500000.000,260300000.000,167900000.000,290900000.000,294200000.000,213800000.000,182200000.000,298400000.000,295900000.000,260200000.000,305500000.000,476700000.000,405300000.000,382400000.000,336400000.000,424700000.000
CostsAndExpenses,307500000.000,303800000.000,302100000.000,346100000.000,323400000.000,326700000.000,287200000.000,285300000.000,313100000.000,308300000.000,314100000.000,363800000.000,322900000.000,319600000.000,332000000.000,369600000.000,335400000.000,324900000.000,333900000.000,343900000.000,360300000.000,343100000.000,316400000.000,372700000.000,328100000.000
DeferredIncomeTaxExpenseBenefit,-152100000.000,,,,-19200000.000,,,,-7300000.000,,,,25800000.000,,,,500000.000,,,,-400000.000,,,,2200000.000
DepreciationAndAmortization,31000000.000,31700000.000,32400000.000,33400000.000,34900000.000,33600000.000,34500000.000,33900000.000,32600000.000,33200000.000,35000000.000,34300000.000,34100000.000,34300000.000,32700000.000,31500000.000,31800000.000,33300000.000,32400000.000,31700000.000,33900000.000,30400000.000,31200000.000,33700000.000,29400000.000
DividendsCash,93600000.000,,,,347600000.000,,,,150200000.000,,,,157500000.000,,,,,,,,,,,,224200000.000
EarningsPerShareBasic,6.830,4.400,4.760,11.240,4.030,0.740,0.660,-2.720,0.710,0.940,0.710,0.580,0.800,0.790,0.870,0.910,0.980,0.790,1.070,0.870,1.090,0.950,1.400,1.110,1.180
EarningsPerShareDiluted,6.810,4.380,4.740,11.220,4.020,0.740,0.660,-2.720,0.710,0.930,0.710,0.570,0.790,0.790,0.860,0.910,0.980,0.780,1.060,0.870,1.090,0.950,1.390,1.100,1.180
EffectiveIncomeTaxRateContinuingOperations,0.107,,,,,,,,,,,,,,,,,,,,,,,,
EffectiveIncomeTaxRateReconciliationChangeInDeferredTaxAssetsValuationAllowance,0.095,,,,,,,,,,,,,,,,,,,,,,,,
EmployeeServiceShareBasedCompensationTaxBenefitFromCompensationExpense,5100000.000,,,,,,,,,,,,,,,,,,,,,,,,
ExcessTaxBenefitFromShareBasedCompensationFinancingActivities,,,,,2800000.000,,,,300000.000,,,,900000.000,,,,700000.000,,,,3900000.000,,,,0.000
ExcessTaxBenefitFromShareBasedCompensationOperatingActivities,,,,,,,,,,,,,,,,,,,,,,,,,4000000.000
FairValueInputsDiscountRate,,,,,,,,,0.200,,,,0.200,,,,0.200,,,,,,,,
FutureAmortizationExpenseAfterYearFive,,,,,2037300000.000,,,,,,,,,,,,,,,,,,,,
FutureAmortizationExpenseRemainderOfFiscalYear,,,,,93600000.000,,,,,,,,,,,,,,,,,,,,
FutureAmortizationExpenseYearFive,109000000.000,,,,109100000.000,,,,,,,,,,,,,,,,,,,,
FutureAmortizationExpenseYearFour,114400000.000,,,,109300000.000,,,,,,,,,,,,,,,,,,,,
FutureAmortizationExpenseYearOne,126200000.000,,,,120200000.000,,,,,,,,,,,,,,,,,,,,
FutureAmortizationExpenseYearThree,118300000.000,,,,114600000.000,,,,,,,,,,,,,,,,,,,,
FutureAmortizationExpenseYearTwo,120000000.000,,,,118600000.000,,,,,,,,,,,,,,,,,,,,
GainLossOnDerivativeInstrumentsNetPretax,-100000.000,,,,0.000,0.000,0.000,-100000.000,0.000,,,,,,,,-1800000.000,0.000,0.000,0.000,0.000,0.000,0.000,0.000,
GainLossOnSaleOfInvestments,,,,,,,,,,,,,,,,,,,,,,,,,86500000.000
GainLossOnSaleOfOtherAssets,,,,,,20300000.000,,,,,,,,,,,,,,,,,,,
GainOnSaleOfInvestments,,,,,,,,,,,,,,,,,,,,,,,,,86500000.000
GoodwillTranslationAndPurchaseAccountingAdjustments,1800000.000,,,,700000.000,,,,,,,,,,,,,,,,,,,,
ImpairmentOfRealEstate,,,,,,,,,,,,,,,,,,,,,27100000.000,,,,
IncomeLossFromContinuingOperationsBeforeIncomeTaxesExtraordinaryItemsNoncontrollingInterest,,509300000.000,545900000.000,,433400000.000,510700000.000,395800000.000,,387600000.000,507500000.000,398900000.000,307000000.000,446400000.000,422100000.000,429100000.000,473800000.000,523800000.000,448100000.000,516400000.000,468500000.000,578500000.000,566100000.000,548800000.000,594200000.000,707000000.000
IncomeLossFromEquityMethodInvestments,-1100000.000,-1100000.000,-900000.000,-1200000.000,-800000.000,-900000.000,16500000.000,15900000.000,17500000.000,20200000.000,20400000.000,12400000.000,22400000.000,21500000.000,20000000.000,20900000.000,22500000.000,26000000.000,26600000.000,24900000.000,26800000.000,27000000.000,28600000.000,27800000.000,30800000.000
IncomeLossFromEquityMethodInvestmentsNetOfDividendsOrDistributions,,,,,,,,,,,,,11000000.000,,,,-3300000.000,,,,-4200000.000,,,,4300000.000
IncomeTaxExpenseBenefit,54500000.000,213700000.000,230900000.000,-377000000.000,167100000.000,257300000.000,176900000.000,185400000.000,150200000.000,196200000.000,162600000.000,113900000.000,179800000.000,158300000.000,139100000.000,167300000.000,193400000.000,183100000.000,156500000.000,176800000.000,210700000.000,246000000.000,76000000.000,220800000.000,307200000.000
IncomeTaxReconciliationChangeInDeferredTaxAssetsValuationAllowance,48800000.000,,,,,,,,,,,,,,,,,,,,,,,,
IncomeTaxesPaid,7000000.000,,,,3800000.000,,,,6400000.000,,,,15800000.000,,,,43900000.000,,,,28100000.000,,,,10100000.000
IncreaseDecreaseInAccountsPayable,6300000.000,,,,-2100000.000,,,,-10400000.000,,,,6900000.000,,,,-3000000.000,,,,3500000.000,,,,12200000.000
IncreaseDecreaseInAccountsReceivable,96400000.000,,,,70300000.000,,,,42100000.000,,,,41900000.000,,,,41800000.000,,,,33300000.000,,,,61500000.000
IncreaseDecreaseInAccruedIncomeTaxesPayable,157200000.000,,,,174900000.000,,,,149000000.000,,,,132600000.000,,,,149100000.000,,,,178500000.000,,,,168100000.000
IncreaseDecreaseInOtherAccruedLiabilities,-71000000.000,,,,-45200000.000,,,,-35900000.000,,,,-95400000.000,,,,-85400000.000,,,,-88100000.000,,,,-67800000.000
IncreaseDecreaseInOtherOperatingAssets,19500000.000,,,,-4700000.000,,,,-25400000.000,,,,-16200000.000,,,,11200000.000,,,,5900000.000,,,,-7000000.000
IncreaseDecreaseInOtherOperatingLiabilities,2400000.000,,,,2300000.000,,,,0.000,,,,3600000.000,,,,-1900000.000,,,,-7500000.000,,,,2600000.000
IncreaseDecreaseInPrepaidDeferredExpenseAndOtherAssets,1000000.000,,,,-1700000.000,,,,-24000000.000,,,,-5900000.000,,,,-4900000.000,,,,100000.000,,,,9300000.000
IncrementalCommonSharesAttributableToShareBasedPaymentArrangements,68000.000,,,,,,,,,,,,,,1748000.000,,1736000.000,1760000.000,1816000.000,-3642000.000,1535000.000,1417000.000,1551000.000,-3033000.000,1607000.000
InformationTechnologyAndDataProcessing,12000000.000,13400000.000,13300000.000,13400000.000,12800000.000,12100000.000,11800000.000,14000000.000,12400000.000,13800000.000,13400000.000,14000000.000,13900000.000,14600000.000,13800000.000,15900000.000,15600000.000,16100000.000,15400000.000,17400000.000,17400000.000,17700000.000,17300000.000,18400000.000,18700000.000
InterestAndDebtExpense,30100000.000,28700000.000,29000000.000,29100000.000,29100000.000,28900000.000,30200000.000,44000000.000,39000000.000,39200000.000,34600000.000,38600000.000,33700000.000,28300000.000,28700000.000,28700000.000,31600000.000,28600000.000,28300000.000,28900000.000,29800000.000,31000000.000,31100000.000,31600000.000,29800000.000
InterestPaid,56600000.000,,,,55300000.000,,,,66900000.000,,,,66800000.000,,,,44600000.000,,,,42400000.000,,,,42400000.000
InvestmentIncomeNonoperating,18800000.000,4600000.000,3700000.000,9600000.000,12100000.000,6100000.000,13100000.000,7400000.000,3600000.000,18700000.000,12600000.000,10000000.000,3200000.000,15100000.000,7400000.000,10100000.000,5700000.000,18500000.000,2500000.000,3400000.000,17600000.000,17200000.000,36500000.000,70500000.000,138900000.000
LaborAndRelatedExpense,122300000.000,117500000.000,119900000.000,116000000.000,135100000.000,131100000.000,117500000.000,113000000.000,129400000.000,128900000.000,134000000.000,126600000.000,135500000.000,139700000.000,132100000.000,144800000.000,141300000.000,141500000.000,136400000.000,134500000.000,131900000.000,131700000.000,130600000.000,146800000.000,142300000.000
LicenseCosts,23500000.000,18600000.000,22600000.000,20200000.000,20700000.000,23300000.000,19200000.000,19400000.000,21200000.000,26900000.000,25700000.000,24100000.000,29000000.000,25700000.000,25500000.000,34000000.000,30600000.000,28800000.000,33100000.000,31300000.000,39000000.000,32800000.000,31500000.000,32500000.000,33800000.000
LossOnCashFlowHedgeIneffectiveness,,,,,,,,,,,,,,,,,1800000.000,0.000,0.000,,0.000,0.000,0.000,,
MarketDataRevenue,,,,,,,,,80900000.000,79400000.000,78600000.000,76500000.000,89400000.000,89600000.000,87700000.000,89600000.000,98000000.000,102800000.000,99500000.000,99100000.000,102400000.000,102900000.000,101100000.000,100100000.000,96800000.000
NetCashProvidedByUsedInFinancingActivities,-511000000.000,,,,-335800000.000,,,,-136300000.000,,,,-1769600000.000,,,,-65800000.000,,,,-1039000000.000,,,,-1323700000.000
NetCashProvidedByUsedInFinancingActivitiesContinuingOperations,-511000000.000,,,,-335800000.000,,,,-136300000.000,,,,-1769600000.000,,,,-65800000.000,,,,-1039000000.000,,,,-1323700000.000
NetCashProvidedByUsedInInvestingActivities,-41600000.000,,,,-40400000.000,,,,-21000000.000,,,,-29400000.000,,,,-24400000.000,,,,-27300000.000,,,,224200000.000
NetCashProvidedByUsedInInvestingActivitiesContinuingOperations,-41600000.000,,,,-40400000.000,,,,-21000000.000,,,,-29400000.000,,,,-24400000.000,,,,-27300000.000,,,,224200000.000
NetCashProvidedByUsedInOperatingActivities,362100000.000,,,,395600000.000,,,,396000000.000,,,,383000000.000,,,,418900000.000,,,,519700000.000,,,,518700000.000
NetCashProvidedByUsedInOperatingActivitiesContinuingOperations,362100000.000,,,,395600000.000,,,,396000000.000,,,,383000000.000,,,,418900000.000,,,,519700000.000,,,,518700000.000
NetIncomeLoss,456600000.000,293700000.000,316100000.000,745900000.000,266600000.000,244900000.000,218000000.000,166800000.000,235800000.000,311200000.000,236700000.000,193100000.000,266800000.000,263800000.000,290000000.000,306500000.000,330400000.000,265000000.000,359900000.000,291700000.000,367800000.000,,,,399800000.000
NetIncomeLossAttributableToNoncontrollingInterest,500000.000,1900000.000,-1100000.000,800000.000,-300000.000,,,,200000.000,,,,-200000.000,0.000,0.000,,0.000,0.000,0.000,0.000,,,,,
NewAccountingPronouncementOrChangeInAccountingPrincipleEffectOfAdoptionQuantification,,,,,,,,,,,,,,,,,,,,,,,,,800000.000
NonoperatingIncomeExpense,-12500000.000,-25200000.000,-26200000.000,-20700000.000,-17800000.000,41500000.000,-200000.000,-22100000.000,-17900000.000,-300000.000,-1600000.000,-16200000.000,-8100000.000,10100000.000,-1300000.000,2300000.000,16500000.000,-47000000.000,0.000,-1400000.000,4600000.000,2800000.000,23500000.000,54000000.000,105800000.000
OccupancyNet,19400000.000,19000000.000,18500000.000,20600000.000,20300000.000,18700000.000,18800000.000,19200000.000,18500000.000,19000000.000,19200000.000,21600000.000,23200000.000,23200000.000,24700000.000,25700000.000,22800000.000,23500000.000,23100000.000,23100000.000,21300000.000,24400000.000,19600000.000,21400000.000,20100000.000
OperatingIncomeLoss,524100000.000,534500000.000,572100000.000,390400000.000,451200000.000,469200000.000,396000000.000,375600000.000,405500000.000,507800000.000,400500000.000,323200000.000,454500000.000,412000000.000,430400000.000,471500000.000,507300000.000,495100000.000,516400000.000,469900000.000,573900000.000,563300000.000,525300000.000,540200000.000,601200000.000
OtherComprehensiveIncomeAvailableForSaleSecuritiesAdjustmentBeforeTaxPeriodIncreaseDecrease,372600000.000,,,,99100000.000,,,,,,,,,,,,,,,,,,,,
OtherComprehensiveIncomeDefinedBenefitPlansAdjustmentBeforeTaxPeriodIncreaseDecrease,,,,,500000.000,0.000,0.000,,,,,,,,,,,,,,,,,,
OtherComprehensiveIncomeDefinedBenefitPlansAdjustmentNetOfTaxPeriodIncreaseDecrease,-1700000.000,,,,700000.000,400000.000,400000.000,,,,,,,,,,,,,,,,,,
OtherComprehensiveIncomeDefinedBenefitPlansTax,1100000.000,,,,-400000.000,-200000.000,-300000.000,,,,,,,,,,,,,,,,,,
OtherComprehensiveIncomeDerivativesQualifyingAsHedgesNetOfTaxPeriodIncreaseDecrease,,,,,100000.000,100000.000,-34400000.000,,,,,,,,,,,,,,,,,,
OtherComprehensiveIncomeDerivativesQualifyingAsHedgesTaxEffectPeriodIncreaseDecrease,,,,,-100000.000,-100000.000,19800000.000,,,,,,,,,,,,,,,,,,
OtherComprehensiveIncomeForeignCurrencyTransactionAndTranslationAdjustmentBeforeTaxPeriodIncreaseDecrease,,,,,2400000.000,-2800000.000,5900000.000,,,,,,,,,,,,,,,,,,
OtherComprehensiveIncomeForeignCurrencyTransactionAndTranslationAdjustmentNetOfTaxPeriodIncreaseDecrease,84200000.000,,,,1500000.000,9900000.000,3800000.000,,,,,,,,,,,,,,,,,,
OtherComprehensiveIncomeForeignCurrencyTransactionAndTranslationReclassificationAdjustmentRealizedUponSaleOrLiquidationBeforeTax,,,,,,18400000.000,0.000,,,,,,,,,,,,,,,,,,
OtherComprehensiveIncomeForeignCurrencyTranslationAdjustmentTax,13400000.000,,,,-900000.000,-5700000.000,-2100000.000,,,,,,,,,,,,,,,,,,
OtherComprehensiveIncomeLossDerivativesQualifyingAsHedgesNetOfTax,,,,,,,,,16300000.000,38800000.000,26600000.000,-300000.000,-200000.000,-200000.000,-300000.000,-1700000.000,-2000000.000,-100000.000,-200000.000,-700000.000,-200000.000,-200000.000,-200000.000,-100000.000,-200000.000
OtherComprehensiveIncomeLossDerivativesQualifyingAsHedgesTax,,,,,,,,,9400000.000,22200000.000,17400000.000,-98000000.000,100000.000,200000.000,-100000.000,1200000.000,-1200000.000,-200000.000,-100000.000,2600000.000,-100000.000,-100000.000,-100000.000,800000.000,-100000.000
OtherComprehensiveIncomeLossForeignCurrencyTransactionAndTranslationAdjustmentBeforeTax,,,,,,,,,7800000.000,-4600000.000,-1500000.000,-2500000.000,2400000.000,1800000.000,-6900000.000,-2500000.000,-4000000.000,-2600000.000,-3400000.000,-600000.000,-3300000.000,-1700000.000,-600000.000,-2600000.000,8400000.000
OtherComprehensiveIncomeLossForeignCurrencyTransactionAndTranslationAdjustmentNetOfTax,,,,,,,,,5000000.000,-2900000.000,-1000000.000,,1500000.000,1100000.000,-4300000.000,,-2500000.000,-1600000.000,-2300000.000,,-2100000.000,-1100000.000,-1400000.000,,5500000.000
OtherComprehensiveIncomeLossForeignCurrencyTransactionAndTranslationReclassificationAdjustmentRealizedUponSaleOrLiquidationBeforeTax,,,,,,,,,,0.000,0.000,,,,,,,,,,,,,,
OtherComprehensiveIncomeLossForeignCurrencyTranslationAdjustmentTax,,,,,,,,,2800000.000,-1700000.000,-500000.000,-300000.000,-900000.000,-700000.000,-2600000.000,6300000.000,-1500000.000,-1000000.000,-1100000.000,7600000.000,-1200000.000,-600000.000,800000.000,2300000.000,2900000.000
OtherComprehensiveIncomeLossNetOfTax,,,,,,,,,20700000.000,-76800000.000,24000000.000,-25200000.000,24300000.000,30400000.000,-76200000.000,-124300000.000,-32000000.000,30900000.000,-99700000.000,13800000.000,108900000.000,85200000.000,-90400000.000,-37000000.000,24900000.000
OtherComprehensiveIncomeLossNetOfTaxPeriodIncreaseDecrease,,,,,53200000.000,-50500000.000,5400000.000,,,,,,,,,,,,,,,,,,
OtherComprehensiveIncomeLossNetOfTaxPortionAttributableToParent,,,,,,,,,20700000.000,,,,24300000.000,,,,,,,,,,,,
OtherComprehensiveIncomeLossPensionAndOtherPostretirementBenefitPlansAdjustmentBeforeTax,,,,,,,,,1100000.000,0.000,200000.000,,-3200000.000,0.000,0.000,,-300000.000,0.000,0.000,,3100000.000,0.000,0.000,,400000.000
OtherComprehensiveIncomeLossPensionAndOtherPostretirementBenefitPlansAdjustmentNetOfTax,,,,,,,,,-1100000.000,-600000.000,0.000,21300000.000,-1900000.000,0.000,0.000,-16600000.000,200000.000,500000.000,400000.000,-6400000.000,2400000.000,500000.000,500000.000,-4600000.000,700000.000
OtherComprehensiveIncomeLossPensionAndOtherPostretirementBenefitPlansTax,,,,,,,,,700000.000,-200000.000,-600000.000,-11900000.000,1200000.000,-100000.000,0.000,10100000.000,200000.000,200000.000,200000.000,2600000.000,1500000.000,300000.000,300000.000,-1400000.000,400000.000
OtherComprehensiveIncomeLossReclassificationAdjustmentForSaleOfSecuritiesIncludedInNetIncomeNetOfTax,,,,,,,,,,,-700000.000,,,,,,,,,,,,,,
OtherComprehensiveIncomeLossReclassificationAdjustmentFromAOCIForSaleOfSecuritiesBeforeTax,,,,,,,,,,,,,,,0.000,,,6000000.000,-2600000.000,,,0.000,6300000.000,,87100000.000
OtherComprehensiveIncomeLossReclassificationAdjustmentFromAOCIOnDerivativesBeforeTax,,,,,,,,,,,,,-300000.000,-400000.000,400000.000,-1200000.000,300000.000,300000.000,300000.000,-2100000.000,300000.000,300000.000,300000.000,-2100000.000,300000.000
OtherComprehensiveIncomeLossReclassificationAdjustmentFromAOCIPensionAndOtherPostretirementBenefitPlansForNetGainLossBeforeTax,,,,,,,,,,,,,100000.000,100000.000,0.000,100000.000,700000.000,700000.000,600000.000,700000.000,800000.000,800000.000,800000.000,800000.000,700000.000
OtherComprehensiveIncomeLossReclassificationAdjustmentOnDerivativesIncludedInNetIncomeBeforeTax,,,,,,,,,700000.000,700000.000,500000.000,-300000.000,,,,,,,,,,,,,
OtherComprehensiveIncomeReclassificationAdjustmentOnDerivativesIncludedInNetIncomeBeforeTax,,,,,-200000.000,-200000.000,-200000.000,,,,,,,,,,,,,,,,,,
OtherComprehensiveIncomeReclassificationOfDefinedBenefitPlansNetGainLossRecognizedInNetPeriodicBenefitCostBeforeTax,,,,,600000.000,600000.000,700000.000,600000.000,-700000.000,800000.000,800000.000,2300000.000,,,,,,,,,,,,,
OtherComprehensiveIncomeUnrealizedGainLossOnDerivativesArisingDuringPeriodBeforeTax,500000.000,,,,0.000,0.000,-54400000.000,29100000.000,25000000.000,60300000.000,43500000.000,0.000,0.000,0.000,0.000,-2300000.000,-4700000.000,0.000,0.000,0.000,0.000,0.000,0.000,0.000,
OtherComprehensiveIncomeUnrealizedGainLossOnDerivativesArisingDuringPeriodNetOfTax,300000.000,,,,,,,,,,,,,,,,,,,,,,,,
OtherComprehensiveIncomeUnrealizedGainLossOnDerivativesArisingDuringPeriodTax,200000.000,,,,,,,,,,,,,,,,,,,,,,,,
OtherComprehensiveIncomeUnrealizedHoldingGainLossOnSecuritiesArisingDuringPeriodBeforeTax,,,,,99100000.000,-124200000.000,109500000.000,90300000.000,-2900000.000,-118000000.000,-18000000.000,-82100000.000,24900000.000,31000000.000,-66600000.000,-105900000.000,-27700000.000,36900000.000,-100200000.000,13000000.000,109600000.000,85800000.000,-17700000.000,-7700000.000,29400000.000
OtherComprehensiveIncomeUnrealizedHoldingGainLossOnSecuritiesArisingDuringPeriodNetOfTax,266200000.000,,,,50900000.000,-60900000.000,35600000.000,82700000.000,-1700000.000,-113300000.000,-1600000.000,-41200000.000,24900000.000,29500000.000,-71600000.000,-104600000.000,-27700000.000,32100000.000,-97600000.000,21100000.000,108800000.000,86000000.000,-89300000.000,-30000000.000,18900000.000
OtherComprehensiveIncomeUnrealizedHoldingGainLossOnSecuritiesArisingDuringPeriodTax,106400000.000,,,,48200000.000,-63300000.000,73900000.000,-123400000.000,-1200000.000,-4700000.000,-17100000.000,86900000.000,0.000,-1500000.000,5000000.000,-8700000.000,0.000,-1200000.000,0.000,-1400000.000,800000.000,-200000.000,65300000.000,-111700000.000,-76600000.000
OtherCostAndExpenseOperating,25500000.000,29100000.000,22400000.000,63400000.000,24300000.000,25600000.000,22700000.000,23000000.000,42300000.000,24100000.000,16400000.000,64100000.000,24200000.000,11100000.000,37900000.000,55400000.000,31700000.000,22400000.000,27700000.000,42600000.000,54400000.000,36800000.000,21800000.000,48700000.000,24900000.000
OtherNoncashIncomeExpense,,,,,300000.000,,,,-2500000.000,,,,-1200000.000,,,,-2600000.000,,,,0.000,,,,-100000.000
OtherNonoperatingIncomeExpense,,,,,,65200000.000,400000.000,,,0.000,0.000,,,1800000.000,0.000,,21700000.000,-62900000.000,-800000.000,-800000.000,-10000000.000,-10400000.000,-10500000.000,-12700000.000,-34100000.000
OtherSalesRevenueNet,21800000.000,31300000.000,22500000.000,17200000.000,19600000.000,18900000.000,15000000.000,13700000.000,23000000.000,23600000.000,17800000.000,12900000.000,15400000.000,12300000.000,12100000.000,17400000.000,15200000.000,13900000.000,14200000.000,14100000.000,14100000.000,13600000.000,12600000.000,20600000.000,16200000.000
PaymentsForProceedsFromDerivativeInstrumentInvestingActivities,,,,,,,,,,,,,,,,,-7000000.000,,,,0.000,,,,
PaymentsForProceedsFromOtherInvestingActivities,600000.000,,,,0.000,,,,,,,,,,,,,,,,,,,,
PaymentsOfDividends,93600000.000,,,,346500000.000,,,,149400000.000,,,,1025000000.000,,,,838800000.000,,,,1179300000.000,,,,1322600000.000
PaymentsToAcquireAvailableForSaleSecurities,5100000.000,,,,0.000,,,,9300000.000,,,,10100000.000,,,,10200000.000,,,,35900000.000,,,,0.000
PaymentsToAcquireEquityMethodInvestments,,,,,22800000.000,,,,0.000,,,,,,,,,,,,,,,,
PaymentsToAcquireInvestments,,,,,,,,,,,,,,,,,,,,,3000000.000,,,,300000.000
PaymentsToAcquireOtherInvestments,,,,,,,,,80000000.000,,,,,,,,,,,,,,,,
PaymentsToAcquirePropertyPlantAndEquipment,41400000.000,,,,26700000.000,,,,20200000.000,,,,36500000.000,,,,31400000.000,,,,20200000.000,,,,20000000.000
ProceedsFromDivestitureOfBusinesses,,,,,,45900000.000,45900000.000,,,,,,,,,,,,,,,,,,
ProceedsFromIssuanceOfLongTermDebt,,,,,,,,,,,,,,,,,743700000.000,,,,0.000,,,,
ProceedsFromMaturitiesPrepaymentsAndCallsOfAvailableForSaleSecurities,5500000.000,,,,9100000.000,,,,8500000.000,,,,9300000.000,,,,10200000.000,,,,31800000.000,,,,500000.000
ProceedsFromPaymentsForOtherFinancingActivities,-100000.000,,,,0.000,,,,,,,,,,,,,,,,,,,,
ProceedsFromSaleOfAvailableForSaleSecuritiesEquity,,,,,,,,,,,,,,,,,,,,,,,,,244000000.000
ProceedsFromSaleOfBuildings,,,,,,,,,,,,,,,,,,,,,130000000.000,,,,
ProceedsFromSaleOfPropertyPlantAndEquipment,,,,,,151500000.000,,,,,,,7900000.000,,,,0.000,,,,,,,,
ProceedsFromStockOptionsExercised,3200000.000,,,,7900000.000,,,,12800000.000,,,,4500000.000,,,,28600000.000,,,,6400000.000,,,,10500000.000
ProfessionalFees,30700000.000,30700000.000,29000000.000,35700000.000,32200000.000,40300000.000,26700000.000,27600000.000,21900000.000,27900000.000,35600000.000,44900000.000,29600000.000,37500000.000,32200000.000,29700000.000,29100000.000,27700000.000,33800000.000,32200000.000,31700000.000,39000000.000,33500000.000,40200000.000,28600000.000
ProfitLoss,457100000.000,295600000.000,315000000.000,746700000.000,266300000.000,253400000.000,218900000.000,168100000.000,237400000.000,311300000.000,236300000.000,193100000.000,266600000.000,263800000.000,290000000.000,306500000.000,330400000.000,265000000.000,359900000.000,291700000.000,367800000.000,320100000.000,472800000.000,373400000.000,399800000.000
ReclassificationFromAociCurrentPeriodTax,,,,,,,,,,,,,,,,,,,,,,,,,-87800000.000
RepaymentsOfLongTermDebt,,,,,,,,,,,,,750000000.000,,,,0.000,,,,,,,,
RepaymentsOfOtherDebt,420500000.000,,,,0.000,,,,,,,,,,,,,,,,,,,,
Revenues,831600000.000,838300000.000,874200000.000,736500000.000,774600000.000,795900000.000,683200000.000,660900000.000,718600000.000,816100000.000,714600000.000,687000000.000,777400000.000,731600000.000,762400000.000,841100000.000,842700000.000,820000000.000,850300000.000,813800000.000,934200000.000,906400000.000,841700000.000,912900000.000,929300000.000
SaleLeasebackTransactionGrossProceedsFinancingActivities,,,,,,,,,,,,,,,,,,,,,130000000.000,,,,0.000
SalesRevenueNet,831600000.000,838300000.000,874200000.000,736500000.000,774600000.000,795900000.000,683200000.000,660900000.000,637700000.000,736700000.000,636000000.000,610500000.000,688000000.000,642000000.000,674700000.000,751500000.000,744700000.000,717200000.000,750800000.000,714700000.000,831800000.000,803500000.000,740600000.000,812800000.000,832500000.000
ShareBasedCompensation,12000000.000,,,,14300000.000,,,,12400000.000,,,,13200000.000,,,,14700000.000,,,,16000000.000,,,,14900000.000
ShareBasedCompensationArrangementByShareBasedPaymentAwardEquityInstrumentsOtherThanOptionsGrantsInPeriod,6297.000,,,,,,,,,,,,,,,,,,,,,,,,
ShareBasedCompensationArrangementByShareBasedPaymentAwardEquityInstrumentsOtherThanOptionsGrantsInPeriodWeightedAverageGrantDateFairValue,103.000,,,,,,,,,,,,,,,,,,,,,,,,
ShareBasedCompensationArrangementByShareBasedPaymentAwardEquityInstrumentsOtherThanOptionsVestedInPeriodTotalFairValue,1800000.000,,,,,,,,,,,,,,,,,,,,,,,,
ShareBasedCompensationArrangementByShareBasedPaymentAwardFairValueAssumptionsExpectedDividendRate,0.020,,,,,,,,,,,,,,,,,,,,,,,,
ShareBasedCompensationArrangementByShareBasedPaymentAwardFairValueAssumptionsExpectedVolatilityRate,0.420,,,,,,,,,,,,,,,,,,,,,,,,
ShareBasedCompensationArrangementByShareBasedPaymentAwardFairValueAssumptionsRiskFreeInterestRate,0.024,,,,,,,,,,,,,,,,,,,,,,,,
ShareBasedCompensationArrangementByShareBasedPaymentAwardOptionsGrantsInPeriod,4616.000,,,,,,,,,,,,,,,,,,,,,,,,
StockGrantedDuringPeriodValueSharebasedCompensation,12000000.000,,,,14300000.000,,,,12400000.000,,,,,,,,,,,,,,,,
StockGrantedDuringPeriodValueSharebasedCompensationGross,,,,,,,,,,,,,13200000.000,,,,,,,,,,,,14900000.000
StockIssuedDuringPeriodValueRestrictedStockAwardNetOfForfeitures,,,,,,,,,,,,,2400000.000,,,,,,,,,,,,11600000.000
StockIssuedDuringPeriodValueStockOptionsExercised,3200000.000,,,,7900000.000,,,,12800000.000,,,,4500000.000,,,,,,,,,,,,10500000.000
WeightedAverageNumberOfDilutedSharesOutstanding,67062000.000,66974000.000,66667000.000,-133941000.000,66370000.000,332162000.000,332458000.000,-398671000.000,333372000.000,334073000.000,334674000.000,-667721000.000,335644000.000,335800000.000,336172000.000,-671553000.000,337416000.000,337796000.000,338139000.000,-675457000.000,338549000.000,338706000.000,339143000.000,-677432000.000,339946000.000
WeightedAverageNumberOfSharesOutstandingBasic,66857000.000,66759000.000,66458000.000,-133527000.000,66163000.000,331078000.000,331377000.000,-397366000.000,331953000.000,332341000.000,332763000.000,-664379000.000,333905000.000,334097000.000,334424000.000,-668017000.000,335680000.000,336036000.000,336323000.000,-671815000.000,337014000.000,337289000.000,337592000.000,-674399000.000,338339000.000
